<?xml version="1.0" encoding="UTF-8"?><collection xmlns="http://www.loc.gov/MARC21/slim"><record><leader>00533nam--2200157-i-4500</leader><controlfield tag="001">000017877</controlfield><controlfield tag="002">20161230</controlfield><controlfield tag="005">20170115234238</controlfield><controlfield tag="008">060222s1000------------r-----000-0-eng-d</controlfield><datafield ind1=" " ind2=" " tag="245"><subfield code="a">Mathematical aspects of string theory: Proceedings of the conference held at University of California, San Diego, July 21 - August 1, 1986</subfield><subfield code="c">Yau, S.T. (ed.)</subfield></datafield><datafield ind1=" " ind2=" " tag="260"><subfield code="a">Singapore</subfield><subfield code="b">World Scientific</subfield><subfield code="c">1987</subfield></datafield><datafield ind1=" " ind2=" " tag="300"><subfield code="a">654 p</subfield></datafield><datafield ind1=" " ind2=" " tag="490"><subfield code="a">Advanced Series In Mathematical Physics</subfield></datafield><datafield ind1=" " ind2=" " tag="700"><subfield code="a">S.T.Yau</subfield></datafield><datafield ind1=" " ind2=" " tag="852"><subfield code="a">79741</subfield></datafield><datafield ind1=" " ind2=" " tag="CAT"><subfield code="a">SYS</subfield><subfield code="c">20170115</subfield><subfield code="h">234238</subfield></datafield></record></collection>